<record><leader>00000cas a22000007a 4500</leader><controlfield tag="001">19477824</controlfield><controlfield tag="008">890330d18951uuunyumr ne      0    0eng d</controlfield><datafield ind1=" " ind2=" " tag="010"><subfield code="a">sn 89071075 </subfield></datafield><datafield ind1=" " ind2=" " tag="040"><subfield code="a">NYS</subfield><subfield code="b">eng</subfield><subfield code="c">NYS</subfield><subfield code="d">OCLCQ</subfield></datafield><datafield ind1=" " ind2=" " tag="042"><subfield code="a">msc</subfield></datafield><datafield ind1="0" ind2=" " tag="130"><subfield code="a">Facts (Elmira, N.Y.)</subfield></datafield><datafield ind1="1" ind2="4" tag="245"><subfield code="a">The facts.</subfield></datafield><datafield ind1=" " ind2=" " tag="260"><subfield code="a">Elmira, N.Y. :</subfield><subfield code="b">Union Pub. Co.</subfield></datafield><datafield ind1=" " ind2=" " tag="300"><subfield code="a">v.</subfield></datafield><datafield ind1=" " ind2=" " tag="310"><subfield code="a">Monthly,</subfield><subfield code="b">&lt;1899&gt;</subfield></datafield><datafield ind1=" " ind2=" " tag="321"><subfield code="a">Semiweekly,</subfield><subfield code="b">&lt;1896&gt;</subfield></datafield><datafield ind1="1" ind2=" " tag="362"><subfield code="a">Began in 1895?</subfield></datafield><datafield ind1=" " ind2=" " tag="500"><subfield code="a">Publishers: Union Pub. Co., &lt;1896&gt;; Facts Print. Co., &lt;1899&gt;.</subfield></datafield><datafield ind1=" " ind2=" " tag="500"><subfield code="a">Editor: Henry W. Wilbur, &lt;1899&gt;.</subfield></datafield><datafield ind1=" " ind2=" " tag="515"><subfield code="a">July 1899 issue numbered: Vol. 1, no. 8.</subfield></datafield><datafield ind1=" " ind2=" " tag="588"><subfield code="a">Description based on: Vol. 1, no. 91 (Mar. 24, 1896).</subfield></datafield><datafield ind1=" " ind2="4" tag="651"><subfield code="a">Elmira (N.Y.)</subfield><subfield code="v">Newspapers.</subfield></datafield><datafield ind1=" " ind2=" " tag="752"><subfield code="a">United States</subfield><subfield code="b">New York</subfield><subfield code="c">Chemung</subfield><subfield code="d">Elmira.</subfield></datafield><datafield ind1="1" ind2=" " tag="029"><subfield code="a">AU@</subfield><subfield code="b">000020543484</subfield></datafield></record>